<?xml version="1.0" encoding="UTF-8"?>
<record xmlns="http://www.loc.gov/MARC21/slim">
   <leader>00941cam a2200229M  4500</leader>
   <controlfield tag="001">2486195</controlfield>
   <controlfield tag="003">NjP</controlfield>
   <controlfield tag="005">20130402222046.0</controlfield>
   <controlfield tag="008">891024s1963    sy       b    000 0 arar </controlfield>
   <datafield tag="024" ind1="7" ind2=" ">
      <subfield code="a">princeton_aco004906</subfield>
      <subfield code="2">local</subfield>
   </datafield>
   <datafield ind1=" " ind2=" " tag="010">
      <subfield code="a">   65001974  </subfield>
   </datafield>
   <datafield ind1=" " ind2=" " tag="035">
      <subfield code="a">(OCoLC)ocm40819360</subfield>
   </datafield>
   <datafield ind1=" " ind2=" " tag="035">
      <subfield code="9">CLR2121TS</subfield>
   </datafield>
   <datafield ind1=" " ind2=" " tag="040">
      <subfield code="a">DLC</subfield>
      <subfield code="c">HLS</subfield>
      <subfield code="d">PUL</subfield>
   </datafield>
   <datafield ind1="1" ind2=" " tag="100">
      <subfield code="a">Nadvī, Sayyid Sulaimān,</subfield>
      <subfield code="d">-1953.</subfield>
   </datafield>
   <datafield ind1="1" ind2="3" tag="245">
      <subfield code="a">al-Risālah al-Muḥammadīyah,</subfield>
      <subfield code="b">wa-hiya thamānī muḥāḍarāt fī al-sīrah al-Nabawīyah wa-risālat al-Islām,</subfield>
      <subfield code="c">alqāhā fī Jāmiʻat Madrās bi-al-Hind Sulaymān al-Nadwī; naqalahā min al-lughah al-Ūrdīyah Muḥammad Nāẓim al-Nadwī.</subfield>
   </datafield>
   <datafield ind1=" " ind2=" " tag="250">
      <subfield code="a">al-Ṭabʻah 2.</subfield>
   </datafield>
   <datafield ind1=" " ind2=" " tag="260">
      <subfield code="a">Dimashq :</subfield>
      <subfield code="b">Maktabat Dār al-Fatḥ,</subfield>
      <subfield code="c">1963.</subfield>
   </datafield>
   <datafield ind1=" " ind2=" " tag="300">
      <subfield code="a">261 p.</subfield>
      <subfield code="c">21 cm.</subfield>
   </datafield>
   <datafield ind1="0" ind2="0" tag="600">
      <subfield code="a">Muḥammad,</subfield>
      <subfield code="c">Prophet,</subfield>
      <subfield code="d">d. 632</subfield>
   </datafield>
   <datafield ind1=" " ind2=" " tag="752">
      <subfield code="a">Syria</subfield>
      <subfield code="d">Damascus.</subfield>
   </datafield>
   <datafield ind1=" " ind2=" " tag="945">
      <subfield code="a">INDO</subfield>
      <subfield code="b">1</subfield>
      <subfield code="c">2414.6.366.83.2</subfield>
   </datafield>
   <datafield ind1=" " ind2=" " tag="911">
      <subfield code="a">19990813</subfield>
   </datafield>
   <datafield ind1="0" ind2="0" tag="852">
      <subfield code="0">2787624</subfield>
      <subfield code="b">clas</subfield>
      <subfield code="t">1</subfield>
      <subfield code="h">BP75.2</subfield>
      <subfield code="i">.N338 1963</subfield>
   </datafield>
   <datafield ind1=" " ind2=" " tag="959">
      <subfield code="a">2009-03-02 11:24:52 -0400</subfield>
   </datafield>
</record>
